<?xml version="1.0" encoding="UTF-8"?><collection xmlns="http://www.loc.gov/MARC21/slim"><record><leader>00376nam--2200133-i-4500</leader><controlfield tag="001">000032968</controlfield><controlfield tag="002">20161230</controlfield><controlfield tag="005">20161230201039</controlfield><controlfield tag="008">060222s1000------------r-----000-0-eng-d</controlfield><datafield ind1=" " ind2=" " tag="080"><subfield code="a">519.852(075.8)</subfield></datafield><datafield ind1=" " ind2=" " tag="100"><subfield code="a">Mihaila, N.   Si Popescu, O</subfield></datafield><datafield ind1=" " ind2=" " tag="245"><subfield code="a">Matematici speciale aplicate in economie</subfield></datafield><datafield ind1=" " ind2=" " tag="260"><subfield code="a">Bucuresti, Ed.Didactica Si Pedagogica, 1978. Viii + 469p</subfield></datafield><datafield ind1=" " ind2=" " tag="852"><subfield code="a">45829</subfield></datafield></record></collection>